% UNIT: Computadoras. CHAPTER: Computadoras  %
% ========================================================== %
@Book{gookin_2005,
	title		= "PCs For Dummies",
	author		= "Gookin, Dan",
	year		= "2005",
	publisher	= "Wiley",
	series		= "For dummies",
	edition		= "10ª ed.",
	address		= "Hobooken, Nueva Jersey",
}

@Book{gookin_2006,
	title		= "Buying a PC For Dummies",
	author		= "Gookin, Dan",
	year		= "2006",
	publisher	= "Wiley",
	series		= "For dummies",
	edition		= "2006 ed.",
	address		= "Hobooken, Nueva Jersey",
}

@Book{lowe_2004,
	title		= "Networking for Dummies",
	author		= "Lowe, Doug",
	year		= "2004",
	publisher	= "Wiley",
	series		= "For dummies",
	edition		= "7ª ed.",
}

@Misc{mw_firmware_2018,
	title		= "Merriam-Webster's dictionary",
	author		= "Firmware",
	year		= "2018",
	publisher	= "Merriam-Webster",
	address		= {\url{https://www.merriam-webster.com/dictionary/firmware}},
}

@Book{laplante_2000,
	title		= "Dictionary of Computer Science, Engineering and Technology",
	author		= "Laplante, Philip A.",
	year		= "2000",
	publisher	= "CRC Press",
}

@Book{downing_2009,
	title		= "Dictionary of computer and Internet terms",
	author		= "Downing, Douglas and Covington, Michael and Covington, Melody Maudlin and Covington, Catherine Anne",
	year		= "2009",
	publisher	= "Barron's Educational Series",
	series		= "Barron's business guides",
	edition		= "10ª ed.",
	address		= "Hauppauge, Nueva York",
}

@Book{tanenbaum_2007,
	title		= "Modern Operating System",
	author		= "Tanenbaum, Andrew S.",
	year		= "2007",
	publisher	= "Prentice Hall",
	edition		= "2ª ed.",
}

@Book{turner_1986,
	title		= "Operating Systems: Design and Implementation",
	author		= "Tanenbaum, Andrew S. and Woodhull, Albert S.",
	year		= "2006",
	publisher	= "Prentice Hall",
	edition		= "3ª ed.",
}

@InProceedings{lenard_1999,
	author		= "Lenard, Thomas M.",
	title 		= "Competition, Innovation and the Microsoft Monopoly: Antitrust in the Digital Marketplace",
	booktitle	= "Proceedings of a conference held by The Progress \& Freedom Foundation in Washigton, DC February 5, 1998",
	editor		= "Lenard, Thomas M. and Eisenach, Jeffrey",
	year		= "1999",
	publisher	= "Springer Netherlands",
	edition		= "1ª ed.",
}

@Misc{rae_aplicacion_2014,
	title 		= "Diccionario de la lengua española",
	author		= "Aplicación",
	year		= "2004",
	publisher	= "Real Academia Española",
	edition		= "22ª ed.",
	address		= "Madrid, España",
}

@Book{clark_scott_2009,
	title		= "But How Do It Know? - The Basic Principles of Computers for Everyone",
	author		= "Clark Scott, J",
	year		= "2009",
	publisher	= "John C. Scott"
}

% UNIT: Computadoras. CHAPTER: Historia de las computadoras  %
% ========================================================== %

@Article{bogoshi_1987,
	author  	= "Bogoshi, Jonas and Naido, Kevin and Webb, John",
    title   	= "The oldest mathematical artifact",
    year    	= "1987",
    journal 	= "The Mathematical Gazette",
    volume  	= "71",
    number  	= "458",
    pages   	= "294"
}

@Book{boyer_1991,
	title		= "A history of mathematics",
	author		= "Boyer, Carl B. and Merzbach and Uta C. and Asimov, Isaac",	
	year		= "1991",
	publisher	= "Wiley",
	edition		= "2ª ed."
}

@Book{lin_2016,
	title		= "Decoding the Mechanisms of Antikythera Astronomical Device",
	author		= "Lin, Jian-Liang and Yan, Hong-Sen",	
	year		= "2016",
	publisher	= "Springer",
}

@Book{evans_2018,
	title		= "Broad Band: The Untold Story of the Women Who Made the Internet",
	author		= "Evans, Clair L.",
	year		= "2018",
	publisher	= "Penguin",
}

@Article{chase_1980,
	author  	= "Chase, George C.",
    title   	= "History of Mechanical Computing Machinery",
    year    	= "1980",
    journal 	= "IEEE Annals of the History of Computing",
	publisher	= "IEEE",
    volume  	= "2",
    number  	= "3",
    pages   	= "198-226"
}

@InCollection{copeland_2017,
	author       =	"Copeland, B. Jack",
	title        =	"The Modern History of Computing",
	booktitle    =	"The Stanford Encyclopedia of Philosophy",
	year         =	"2017",
	publisher    =	"Metaphysics Research Lab, Stanford University",
	edition      =	"Winter 2017",
	editor       =	"Edward N. Zalta",
	howpublished =	{\url{https://plato.stanford.edu/archives/win2017/entries/computing-history/}},
}

@Article{fuegi_2003,
	author  	= "Fuegi J. and Francis J.",
    title   	= "Lovelace \& Babbage and the creation of the 1843 'notes'",
    year    	= "2003",
	month   	= "10",
    journal 	= "IEEE Annals of the History of Computing",
	publisher	= "IEEE",
    volume  	= "25",
    number  	= "4",
    pages   	= "16-26"
}

@Book{petzold_2008,
	title		= "Annotated Turing",
	author		= "Petzold, Charles",
	year		= "2008",
	publisher	= "Wiley",
}

@Book{ceruzzi_2003,
	title		= "A History of Modern Computing",
	author		= "Ceruzzi, Paul E.",
	year		= "2003",
	publisher	= "MIT Press",
	edition		= "2ª ed.",
	address 	= "London, England; Cambridge, Massachusetts",
}

@Book{ceruzzi_2012,
	title		= "Computing: A Concise History",
	author		= "Ceruzzi, Paul E.",
	year 		= "2012",
	publisher	= "MIT Press",
	address		= "Cambridge, Massachusetts",
}

@Book{patterson_2002,
	title		= "Computer Architecture: A Quantitative Approach",
	author		= "Patterson, David A. and Hennessy, John L.",
	year 		= "2002",
	publisher	= "Morgan Kaufmann",
	edition		= "3",
}

@Book{pugh_1996,
	title		= "Building IBM: Shaping an Industry and Its Technology",
	author		= "Pugh, Emerson W.",
	year 		= "1996",
	publisher	= "The MIT Press",
	address 	= "London, England; Cambridge, Massachusetts",
}

@Book{gertner_2013,
	title		= "The Idea Factory: Bell Labs and the Great Age of American Innovation",
	author		= "Gertner, John",
	year 		= "2013",
	publisher	= "Penguin"
}

@Book{haltzik_2000,
	title		= "Dealers of Lightning: Xerox PARC and the Dawn of the Computer Age",
	author		= "Haltzik, michael A.",
	year 		= "2000",
	publisher	= "HarperBusiness"
}

@Book{reid_2001,
	title		= "The Chip : How Two Americans Invented the Microchip and Launched a Revolution",
	author		= "Reid T.R.",
	year 		= "2001",
	publisher	= "HarperBusiness"
}

@Book{salus_2008,
	title		= "The Daemon, the Gnu, and the Penguin",
	author		= "Salus, Peter H.",
	year 		= "2008",
	publisher	= "Reed Media Services"
}

@Book{hafner_1998,
	title = "Where Wizards Stay Up Late: The Origins Of The Internet",
	author = "Hafner, Katie and Lyon, Mathew",
	year = "1998",
	publisher = "Simon \& Schuster",
}

@Proceedings{iot_2008,
	author		= "Evdokimov, Sergei and Fabian, Benjamin and Günther, Oliver",
	title 		= "The Internet of Things: First International Conference, IOT 2008, Zurich, Switzerland, March 26-28, 2008. Proceedings",
	editor		= "Floerkemeier, Christian and Langheinrich, Marc and Fleisch, Elgar and Mattern, Friedemann and Sarma, Sanjay E.",
	year		= "2008",
	publisher	= "Springer-Verlag Berlin Heidelberg",
	series 		= "Lecture Notes in Computer Science 4952 : Information Systems and Applications, incl. Internet/Web, and HCI",
	edition		= "1ª ed.",

}

@Misc{ashton_2009,
	title		= "That 'Internet of Things' Thing",
	author		= "Ashton, Kevin",
	publisher	= "RFID Journal",
	year		= "2009",
	month		= "7",
	howpublished= {\url{https://www.rfidjournal.com/articles/view?4986}},
}

@Misc{gartner_2017,
	title		= "Gartner Says 8.4 Billion Connected 'Things' Will Be in Use in 2017, Up 31 Percent From 2016",
	author		= "Gartner Press",
	publisher	= "Gartner",
	year		= "2017",
	month		= "2",
	address		= "Egham, U.K.",
	howpublished= {\url{https://www.gartner.com/en/newsroom/press-releases/2017-02-07-gartner-says-8-billion-connected-things-will-be-in-use-in-2017-up-31-percent-from-2016}},
}

@Book{warden_2011,
	title		= "Big Data Glossary",
	author		= "Warden, Pete",
	publisher	= "O'Reilly Media",
	year		= "2011",
}

@Article{perfil_2018_03_20,
	title		= "Facebook: Cambridge Analytica habría manipulado las elecciones en Argentina",
	journal		= "Perfil",
	year		= "2018",
	month		= "03",
	url			= "https://www.perfil.com/noticias/internacional/facebook-cambridge-analytica-habria-manipulado-las-elecciones-en-argentina.phtml",
}

@Article{kaplan_2019,
	author		= "Kaplan, Andreas and Haenlein, Michael",
	title		= "Siri, Siri in my Hand, who's the Fairest in the Land? On the Interpretations, Illustrations and Implications of Artificial Intelligence",
	journal		= "Business Horizons",
	year		= "2019",
	volume		= "62",
	edition		= "1",
	pages		= "15-25"
}

@Article{wef_2016,
	author		= "Schwab, Klaus",
	title		= "The Fourth Industrial Revolution: what it means, how to respond",
	journal		= "World Economic Forum",
	year		= "2016",
	month		= "01",
	url			= "https://www.weforum.org/agenda/2016/01/the-fourth-industrial-revolution-what-it-means-and-how-to-respond/",
} 

@Book{nielsen_2011,
	title		= "Quantum Computation and Quantum Information",
	author		= "Nielsen, Michael A. and Chuang, Isaac L.",
	publisher	= "Cambridge University Press",
	year		= "2011",
	edition		= "10th anniversary",
}

@Article{mit_tech_2018_02,
	author		= "Knight, Will",
	title		= "Serious quantum computers are finally here. What are we going to do with them?",
	journal		= "MIT technology Review",
	year		= "2018",
	month		= "02",
	url			= "https://www.technologyreview.com/s/610250/serious-quantum-computers-are-finally-here-what-are-we-going-to-do-with-them/",
} 

@Book{freitas_1999,
	author		= "Freitas, Robert A.",
	title		= "Nanomedicine Volume I: Basic Capabilities",
	publisher	= "Landes Bioscience",
	address		= "Austin, Texas",
	year		= "1999",
	pages		= "349-351",
} 

% UNIT: Informacion. CHAPTER: Informacion  %
% ========================================================== %

@Book{nisan_2005,
	title = "The Elements of Computing Systems: Building a Modern Computer from First Principles",	
	author = "Nisan, Noam and Schocken, Shimon",
	publisher = "MIT Press",
	year = "2005",
}

@Book{white_2015,
	title		= "How Computers Work: The Evolution of Technology",
	author		= "White, Ron and Downs, Tim",
	publisher	= "Que Publishing",
	year		= "2015",
	edition		= "10",
	series		= "How it works",
}

@Book{petzold_2000,
	title		= "Code: The Hidden Language of Computer Hardware and Software",
	author		= "Petzold, Charles",
	publisher	= "Microsoft Press",
	year		= "2000",
}

@Book{msx_1985,
	title		= "V9938 MSX Video: Technical Data Book Programmer's Guide",
	author		= "ASCII Corporation and Nippon Gakki Co. LTD.",
	publisher	= "Yamaha Nippon Gakki Co. LTD.",
	year		= "1985",
}

@Article{linfo_2018,
	author		= "Linfo Team",
	title		= "Filename Extension Definition",
	journal		= "The Linux Information Project",
	year		= "2018",
	url			= "http://www.linfo.org/filename_extension.html",
} 

@Article{foldoc_absolute_2018,
	author		= "FOLDOC",
	title		= "Absolute Path",
	journal		= "Free Online Dictionary of Computing",
	year		= "2018",
	url			= "http://foldoc.org/absolute+path",
} 

@Article{foldoc_relative_2018,
	author		= "FOLDOC",
	title		= "Relative Pathname",
	journal		= "Free Online Dictionary of Computing",
	year		= "2018",
	url			= "http://foldoc.org/relative+pathname",
} 

@Article{rfc7320_2014,
	author		= "Nottingham, M.",
	title		= "RFC 7320",
	journal		= "Internet Engineering Task Force (IETF)",
	year		= "2014",
	url			= "https://tools.ietf.org/html/rfc7320",
} 

@Book{littaur_2017,
	title		= "The Dothraki Language Dictionary",
	author		= "Littaur, Richard",
	publisher	= "Web published",
	year		= "2017",
}

@Book{sunitha_2015,
	title		= "Formal Languages and Automata Theory",
	author		= "Sunitha, K. V. N. and Klyani, N.",
	publisher	= "Pearson Education India",
	year		= "2015",
}

@Book{sebesta_2005,
	title		= "Concepts of programming languages",
	author		= "Sebesta, Robert W.",
	publisher	= "Addison Wesley",
	year		= "2005",
	edition		= "7"
}

@Book{wexelblat_1981,
	title		= "History of programming languages",
	author		= "Wexelblat, Richard L.",
	publisher	= "Academic Press",
	year		= "1981",
	series		= "ACM monograph series",
	address		= "Nueva York",
}

@Article{getPrivateProfileString_2018,
	author		= "Microsoft",
	title		= "GetPrivateProfileString function",
	journal		= "Microsoft Developer Network",
	year		= "2018",
	url			= "https://msdn.microsoft.com/en-us/library/windows/desktop/ms724353(v=vs.85).aspx",
} 

@Book{marshal_2000,
	title		= "XML by example",
	author		= "Marshal, Beneit",
	publisher	= "QUE",
	year		= "2000",
}

@Misc{oxford_copyright_2018,
	title		= "Oxford's dictionary",
	author		= "Copyright",
	year		= "2018",
	publisher	= "Oxford",
	address		= {\url{https://en.oxforddictionaries.com/definition/copyright}},
}

@InProceedings{coombs_1987,
	author		= "Coombs, James H. and Ranear, Allen H. and DeRose, Steven J.",
	title 		= "Markup Systems and the Future of Scholarly Text Processing",
	booktitle	= "Communications of the ACM",
	year		= "1987",
	publisher	= "ACM",
	edition		= "30",
	address		= "Universidad de Michigan, Detroit, Estados Unidos"
}

@Book{stallman_2009,
	title		= "Free Software, Free Society: Selected Essays of Richard M. Stallman",
	author		= "Stallman, Richard M. and Gay, Joshua",
	publisher	= "CreateSpace Independent Publishing Platform",
	year		= "2009",
	address		= "Paramount, California"
}

@Book{saxena_2017,
	title		= "Business Model Innovation in Software Product Industry: Bringing Business to the Bazaar",
	author		= "Saxena, Kul Bhushan C. and Deodhar, Swanand J. and Ruohonen, Mikko Ruohonen",
	publisher	= "Springer India",
	year		= "2017",
	series		= "Management for Professionals",
}

@Misc{mw_shareware_2018,
	title		= "Merriam-Webster's dictionary",
	author		= "Shareware",
	year		= "2018",
	publisher	= "Merriam-Webster",
	address		= {\url{https://www.merriam-webster.com/dictionary/shareware}},
}

@Misc{mw_freeware_2018,
	title		= "Merriam-Webster's dictionary",
	author		= "Freeware",
	year		= "2018",
	publisher	= "Merriam-Webster",
	address		= {\url{https://www.merriam-webster.com/dictionary/freeware}},
}